@manual{autocad_tools,
  title  = {AutoCAD Electrical User Guide},
  author = {Autodesk Inc.},
  year   = {2020},
  note   = {Available at: \url{https://www.autodesk.com/products/autocad-electrical/overview}}
}

@book{electrical_drawing,
  title     = {Electrical Drawing and Schematics},
  author    = {Michael Brown},
  year      = {2017},
  publisher = {Tech Publications},
  address   = {San Francisco, CA}
}

@book{motor_control,
  title     = {Motor Control: Theory and Applications},
  author    = {John Doe},
  year      = {2015},
  publisher = {Engineering Press},
  address   = {New York, NY}
}

@article{contactor_basics,
  title     = {Basics of Forward and Reverse Contactors},
  author    = {Jane Smith},
  journal   = {Journal of Electrical Engineering},
  year      = {2018},
  volume    = {10},
  number    = {2},
  pages     = {123-130},
  publisher = {IEEE}
}