@book{johnson2006introduction,
  title     = {Introduction to Programmable Logic Controllers},
  author    = {Johnson, Curtis D.},
  year      = {2006},
  publisher = {Prentice Hall}
}

@book{clarke2005practical,
  title     = {Practical Modern SCADA Protocols: DNP3, 60870.5 and Related Systems},
  author    = {Clarke, Gordon and Reynders, Deon},
  year      = {2005},
  publisher = {Newnes}
}

@book{bolton2015programmable,
  title     = {Programmable Logic Controllers},
  author    = {Bolton, W.},
  year      = {2015},
  publisher = {Newnes}
}